<record><leader>00000cas a22000007a 4500</leader><controlfield tag="001">10974064</controlfield><controlfield tag="008">840721d18511854ohuwr ne      0    0eng d</controlfield><datafield ind1=" " ind2=" " tag="010"><subfield code="a">sn 84028380 </subfield></datafield><datafield ind1=" " ind2=" " tag="040"><subfield code="a">NPY</subfield><subfield code="b">eng</subfield><subfield code="c">NPY</subfield><subfield code="d">NPV</subfield><subfield code="d">NPX</subfield><subfield code="d">DLC</subfield><subfield code="d">ONP</subfield><subfield code="d">OCL</subfield><subfield code="d">OCLCF</subfield><subfield code="d">OCLCO</subfield></datafield><datafield ind1="1" ind2=" " tag="029"><subfield code="a">AU@</subfield><subfield code="b">000020232086</subfield></datafield><datafield ind1=" " ind2=" " tag="042"><subfield code="a">msc</subfield></datafield><datafield ind1="0" ind2="0" tag="050"><subfield code="a">Newspaper</subfield></datafield><datafield ind1="0" ind2="0" tag="245"><subfield code="a">Western Reserve transcript and Whig.</subfield></datafield><datafield ind1="1" ind2="3" tag="246"><subfield code="a">Western Reserve transcript</subfield></datafield><datafield ind1="1" ind2="3" tag="246"><subfield code="a">Mahoning Co. register</subfield></datafield><datafield ind1=" " ind2=" " tag="260"><subfield code="a">Warren, [Ohio] :</subfield><subfield code="b">James Dumars,</subfield><subfield code="c">1851-1854.</subfield></datafield><datafield ind1=" " ind2=" " tag="300"><subfield code="a">v.</subfield></datafield><datafield ind1=" " ind2=" " tag="310"><subfield code="a">Weekly</subfield></datafield><datafield ind1="0" ind2=" " tag="362"><subfield code="a">Vol. 4, no. 1 (Oct. 23, 1851)-v. 6, no. 19 (Feb. 23, 1854).</subfield></datafield><datafield ind1=" " ind2=" " tag="500"><subfield code="a">Published at: Warren, Ohio, Oct. 23, 1851-Nov. 25, 1852; at Canfield, Ohio, Dec. 2, 1852-Dec. 1, 1853; at Warren, Dec. 8, 1853-Feb. 23, 1854.</subfield></datafield><datafield ind1=" " ind2=" " tag="500"><subfield code="a">Whig.</subfield></datafield><datafield ind1=" " ind2="0" tag="651"><subfield code="a">Warren (Ohio)</subfield><subfield code="v">Newspapers.</subfield></datafield><datafield ind1=" " ind2="0" tag="651"><subfield code="a">Canfield (Ohio)</subfield><subfield code="v">Newspapers.</subfield></datafield><datafield ind1=" " ind2="0" tag="651"><subfield code="a">Trumbull County (Ohio)</subfield><subfield code="v">Newspapers.</subfield></datafield><datafield ind1=" " ind2="0" tag="651"><subfield code="a">Mahoning County (Ohio)</subfield><subfield code="v">Newspapers.</subfield></datafield><datafield ind1=" " ind2="7" tag="655"><subfield code="a">Newspapers.</subfield><subfield code="2">fast</subfield><subfield code="0">(OCoLC)fst01423814</subfield></datafield><datafield ind1=" " ind2="7" tag="651"><subfield code="a">Ohio</subfield><subfield code="z">Canfield.</subfield><subfield code="2">fast</subfield><subfield code="0">(OCoLC)fst01281708</subfield></datafield><datafield ind1=" " ind2="7" tag="651"><subfield code="a">Ohio</subfield><subfield code="z">Mahoning County.</subfield><subfield code="2">fast</subfield><subfield code="0">(OCoLC)fst01207166</subfield></datafield><datafield ind1=" " ind2="7" tag="651"><subfield code="a">Ohio</subfield><subfield code="z">Trumbull County.</subfield><subfield code="2">fast</subfield><subfield code="0">(OCoLC)fst01219877</subfield></datafield><datafield ind1=" " ind2="7" tag="651"><subfield code="a">Ohio</subfield><subfield code="z">Warren.</subfield><subfield code="2">fast</subfield><subfield code="0">(OCoLC)fst01213681</subfield></datafield><datafield ind1=" " ind2=" " tag="752"><subfield code="a">United States</subfield><subfield code="b">Ohio</subfield><subfield code="c">Trumbull</subfield><subfield code="d">Warren.</subfield></datafield><datafield ind1=" " ind2=" " tag="752"><subfield code="a">United States</subfield><subfield code="b">Ohio</subfield><subfield code="c">Mahoning</subfield><subfield code="d">Canfield.</subfield></datafield><datafield ind1="0" ind2="0" tag="780"><subfield code="t">Trumbull County Whig</subfield><subfield code="w">(DLC)sn 84028379</subfield></datafield><datafield ind1="0" ind2="7" tag="785"><subfield code="t">Western Reserve chronicle (Warren, Ohio : 1816)</subfield><subfield code="w">(DLC)sn 84028382</subfield></datafield><datafield ind1="0" ind2="7" tag="785"><subfield code="t">Western Reserve chronicle and transcript of the times</subfield><subfield code="w">(DLC)sn 84028383</subfield></datafield></record>